@misc{Tang2016,
Author = {Duyu Tang and Bing Qin and Ting Liu},
Title = {Aspect Level Sentiment Classification with Deep Memory Network},
Year = {2016},
Eprint = {arXiv:1605.08900},
}

@misc{Ma2017,
Author = {Dehong Ma and Sujian Li and Xiaodong Zhang and Houfeng Wang},
Title = {Interactive Attention Networks for Aspect-Level Sentiment Classification},
Year = {2017},
Eprint = {arXiv:1709.00893},
}

@misc{See2017,
Author = {Abigail See and Peter J. Liu and Christopher D. Manning},
Title = {Get To The Point: Summarization with Pointer-Generator Networks},
Year = {2017},
Eprint = {arXiv:1704.04368},
}

@misc{Lample2016,
Author = {Guillaume Lample and Miguel Ballesteros and Sandeep Subramanian and Kazuya Kawakami and Chris Dyer},
Title = {Neural Architectures for Named Entity Recognition},
Year = {2016},
Eprint = {arXiv:1603.01360},
}